This file was created with JabRef 2.2.
Encoding: ISO-8859-15

@BOOK{Aliprandi-copyleft2,
  title = {Teoria e pratica del copyleft},
  year = {2006},
  editor = {NDA},
  author = {Simone Aliprandi},
  owner = {sbaush},
  url = {http://www.copyleft-italia.it/pubblicazioni}
}

@BOOK{Aliprandi-compendio,
  title = {Compendio di libertà informatica e cultura open},
  year = {2006},
  editor = {PrimaOra},
  author = {Simone Aliprandi},
  owner = {sbaush},
  url = {http://www.copyleft-italia.it/pubblicazioni}
}

@BOOK{Aliprandi-copyleft,
  title = {Copyleft e Opencontent},
  year = {2005},
  editor = {PrimaOra},
  author = {Simone Aliprandi},
  owner = {sbaush},
  url = {http://www.copyleft-italia.it/pubblicazioni}
}

@BOOK{uml,
  title = {UML e Unified Process, Analisi e progettazione Object-Oriented},
  year = {2003},
  editor = {McGraw-Hill},
  author = {Arlow,J. and Neustadt,I.},
  owner = {sbaush},
  timestamp = {2006.03.18}
}

@BOOK{OpenSource,
  title = {OpenSource - Analisi di un movimento},
  year = {2000},
  editor = {Apogeo},
  author = {Nicola Bassi},
  owner = {sbaush},
  url = {http://www.copyleft-italia.it/pubblicazioni}
}

@ARTICLE{snmp,
  author = {Case,J. and Fedor,M. and Schoffstall, M.and Davin,J.},
  title = {A Simple Network Management Protocol (SNMP)},
  journal = {RFC 1157},
  year = {1990},
  month = {Maggio},
  owner = {sbaush},
  timestamp = {2006.03.18},
  url = {www.faqs.org/rfcs/rfc1157.html}
}

@ARTICLE{olsr,
  author = {Clausen,T. and Jacquet,P.},
  title = {Optimized Link State Routing Protocol (OLSR)},
  journal = {RFC 3626},
  year = {2003},
  month = {October},
  owner = {sbaush},
  timestamp = {2006.03.18},
  url = {www.ietf.org/rfc/rfc3626.txt}
}

@BOOK{designpattern,
  title = {Design Pattern - Elementi di riuso del software},
  year = {1997},
  editor = {Addison Wensley},
  author = {Gamma,E. and Heml,R. and Johnson,R. and Vlissides,J.},
  owner = {sbaush},
  timestamp = {2006.03.18}
}
@BOOK{invenzione-software,
  title = {L'invenzione di software. Brevetto e diritto d'autore},
  year = {1996},
  editor = {Giuffè},
  author = {Guglielmetti,G.},
  owner = {sbaush},
  timestamp = {2006.03.18}
}

@ARTICLE{condensation,
  author = {Michael Isard and Andrew Blake},
  title = {CONDENSATION - Conditional Density Propagation for Visual Tracking},
  journal = {Int. J. Comput. Vision},
  year = {1998},
  volume = {29},
  pages = {5--28},
  number = {1},
  address = {Hingham, MA, USA},
  doi = {http://dx.doi.org/10.1023/A:1008078328650},
  issn = {0920-5691},
  publisher = {Kluwer Academic Publishers}
}

@MISC{libxml++,
  author = {Johnson,A. and De Vienne,C. and Cumming,M.},
  title = {libxml++ is a C++ wrapper for the libxml XML parser library},
  owner = {sbaush},
  timestamp = {2006.03.18}
}

@MISC{xmlpattern,
  author = {Toivo Lainevool.},
  title = {Xml pattern - Develop effective XML documents using structural design
	patterns},
  year = {2000-2004},
  owner = {sbaush},
  timestamp = {2006.03.18},
  url = {www.xmlpatterns.com}
}

@BOOK{CulturaLibera,
  title = {Cultra Libera},
  year = {2005},
  editor = {Apogeo},
  author = {Lawrence Lessig},
  owner = {sbaush},
  url = {http://www.copyleft-italia.it/pubblicazioni}
}

@MISC{snortw,
  author = {Andrew Lockhart},
  title = {Intrusion Detection System Snort per reti wireless},
  owner = {sbaush},
  timestamp = {2006.03.18},
  url = {ww.snort-wireless.org}
}

@BOOK{progpython,
  title = {Programmare con Python},
  editor = {Hoeply},
  author = {Lutz,M. and Ascher,D.},
  owner = {sbaush},
  timestamp = {2006.03.22}
}

@ARTICLE{perez-color-based,
  author = {Patrick Perez and Carine Hue and Jaco Vermaak and Michel Gangnet},
  title = {Color-Based Probabilistic Tracking},
  year = {2002},
  pages = {661--675},
  address = {London, UK},
  booktitle = {ECCV '02: Proceedings of the 7th European Conference on Computer
	Vision-Part I},
  isbn = {3-540-43745-2},
  publisher = {Springer-Verlag}
}

@ARTICLE{kalman-condense,
  author = {Tracy Petrie},
  title = {Tracking Bouncing Balls Using Kalman Filters and Condensation},
  owner = {sbaush},
  timestamp = {2007.02.16},
  url = {http://www.marcad.com/cs584/Tracking.html}
}

@BOOK{dive,
  title = {Dive Into Python - Python per programmatori esperti},
  editor = {Apress},
  author = {Pilgrim,M.},
  owner = {sbaush},
  timestamp = {2006.03.22}
}

@MISC{pydoc,
  author = {van Rossum,G.},
  title = {Documentazione ufficiale Python},
  owner = {sbaush},
  timestamp = {2006.03.22},
  url = {http://www.python.org/doc/}
}

@MISC{pystd,
  author = {van Rossum,G.},
  title = {Python Library Reference},
  owner = {sbaush},
  timestamp = {2006.03.22},
  url = {http://docs.python.org/lib/lib.html}
}

@ARTICLE{netfilter-howto,
  author = {Rusty Russel},
  title = {Packet Filtering howto},
  owner = {sbaush},
  timestamp = {2006.03.18},
  url = {www.netfilter.org/documentation/HOWTO/it/packet-filtering-HOWTO.html}
}

@BOOK{posa,
  title = {Pattern-Oriented Software Architecture},
  year = {2000},
  editor = {Wiley},
  author = {Schmidt,D. and Stal,M. and Rohnert,H. and Buschmann,F.},
  owner = {sbaush},
  timestamp = {2006.03.22}
}

@MISC{blowfish,
  author = {Schneier,B.},
  title = {The Blowfish Encryption Algorithm},
  owner = {sbaush},
  timestamp = {2006.03.22},
  url = {http://www.schneier.com/blowfish.html}
}

@MANUAL{dtd,
  title = {Standard DTD Tutorial},
  author = {W3C Schools},
  owner = {sbaush},
  timestamp = {2006.03.18},
  url = {www.w3schools.com/dtd/}
}

@MISC{snort,
  author = {Sourcefire, Inc.},
  title = {Intrusion Detection System Snort},
  owner = {sbaush},
  timestamp = {2006.03.18},
  url = {www.snort.org}
}

@BOOK{RMS1,
  title = {Software libero e pensiero libero - Vol.1},
  year = {2003},
  editor = {StampaAlternativa},
  author = {Richard Matthew Stallman},
  owner = {sbaush},
  url = {http://www.copyleft-italia.it/pubblicazioni}
}

@BOOK{RMS2,
  title = {Software libero e pensiero libero - Vol.2},
  year = {2003},
  editor = {StampaAlternativa},
  author = {Richard Matthew Stallman},
  owner = {sbaush},
  url = {http://www.copyleft-italia.it/pubblicazioni}
}

@BOOK{c++,
  title = {The C++ programming language},
  year = {2000},
  editor = {Addison Wensley},
  author = {B. Stroustrup},
  owner = {sbaush},
  timestamp = {2006.03.18}
}

@ARTICLE{wep,
  author = {Stubblefield and Ioannidis and Rubin},
  title = {Using the Fluhrer, Mantin, and Shamir Attack to Break WEP},
  owner = {sbaush},
  timestamp = {2006.03.22}
}

@MISC{wetools,
  author = {Jean Tourrilhes},
  title = {Wireless Tools for Linux},
  owner = {sbaush},
  timestamp = {2006.03.18},
  url = {www.hpl.hp.com/personal/Jean\_Tourrilhes/Linux/Tools.html}
}

@ARTICLE{kalman-intro,
  author = {Welch, G. and Bishop, G.},
  title = {An introduction to the Kalman Filter},
  year = {2004},
  month = {April},
  owner = {sbaush},
  timestamp = {2007.02.16}
}

@BOOK{secureprog,
  title = {Secure Programming for Linux and Unix HOWTO - Creating Secure Software},
  year = {2003},
  author = {David A. Wheeler},
  owner = {sbaush},
  timestamp = {2006.03.18},
  url = {www.dwheeler.com/secure-programs/}
}

@BOOK{CodiceLibero,
  title = {Codice Libero - Richard Stallman e la crociata per il software libero},
  year = {2002},
  editor = {Apogeo},
  author = {Sam Williams},
  owner = {sbaush},
  url = {http://www.copyleft-italia.it/pubblicazioni}
}

@ARTICLE{802.11,
  title = {Lo standard per le reti wireless in area locale},
  owner = {sbaush},
  timestamp = {2006.03.18},
  url = {www.ieee802.org/11}
}

@ARTICLE{802.16,
  title = {Lo standard per le reti wireless in area metropolitana},
  owner = {sbaush},
  timestamp = {2006.03.18},
  url = {www.ieee802.org/16}
}

@MISC{apache-lic,
  title = {Apache License},
  owner = {sbaush},
  timestamp = {2006.03.22},
  url = {http://www.apache.org/licenses/LICENSE-2.0.html}
}

@ARTICLE{bluetooth,
  title = {Bluetooth},
  owner = {sbaush},
  timestamp = {2006.03.18},
  url = {www.bluetooth.com/bluetooth/}
}

@MISC{debian,
  title = {Debian GNU/Linux - Il sistema operativo universale},
  owner = {sbaush},
  timestamp = {2006.03.18},
  url = {www.debian.org}
}

@MISC{ElementTree,
  title = {ElementTree - Modulo Python per la gestione dell'XML},
  owner = {sbaush},
  timestamp = {2006.03.22},
  url = {http://effbot.org/zone/element-index.htm}
}

@MISC{fdl,
  title = {GNU Free Documentation License},
  owner = {sbaush},
  timestamp = {2006.03.22},
  url = {http://www.gnu.org/licenses/fdl.html}
}

@MISC{firefox,
  title = {Mozilla Firefox},
  owner = {sbaush},
  timestamp = {2006.03.22},
  url = {http://www.mozilla.com/firefox/}
}

@MISC{gcc,
  title = {The Gnu Compiler Collection},
  owner = {sbaush},
  timestamp = {2006.03.18},
  url = {gcc.gnu.org}
}

@MISC{gnu,
  title = {The GNU Operating Sistem},
  owner = {sbaush},
  timestamp = {2006.03.22},
  url = {http://www.gnu.org}
}

@MISC{gpl,
  title = {GNU General Public License},
  owner = {sbaush},
  timestamp = {2006.03.22},
  url = {http://www.gnu.org/copyleft/gpl.html}
}

@MISC{GraphViz,
  title = {GraphViz - Software per la creazione e visualizzazione di grafici},
  owner = {sbaush},
  timestamp = {2006.03.22},
  url = {http://www.graphviz.org/}
}

@MISC{Java,
  title = {Java tecnology - Sun Developer Network},
  owner = {sbaush},
  timestamp = {2006.03.22},
  url = {http://java.sun.com/}
}

@MISC{lgpl,
  title = {GNU Lesser General Public License},
  owner = {sbaush},
  timestamp = {2006.03.22},
  url = {http://www.gnu.org/licenses/lgpl.html}
}

@MISC{netfilter,
  title = {The netfilter framework project},
  owner = {sbaush},
  timestamp = {2006.03.18},
  url = {www.netfilter.org}
}

@MISC{pydot,
  title = {pydot - Interfaccia Python che consente l'utilizzazione di GraphViz},
  owner = {sbaush},
  timestamp = {2006.03.22},
  url = {http://dkbza.org/pydot.html}
}

@MISC{pyparsing,
  title = {pyparsing - Modulo Python necessario per l'utilizzo di pydot},
  owner = {sbaush},
  timestamp = {2006.03.22},
  url = {http://pyparsing.sourceforge.net/}
}

@MISC{python-lic,
  title = {Python License},
  owner = {sbaush},
  timestamp = {2006.03.22},
  url = {http://www.python.org/download/releases/2.4.3/license/}
}

@MISC{samba,
  title = {Samba Project},
  owner = {sbaush},
  timestamp = {2006.03.22},
  url = {http://www.samba.org}
}

@MISC{ubuntu,
  title = {Ubuntu Linux - Linux per gli esseri umani},
  owner = {sbaush},
  timestamp = {2006.03.22},
  url = {http://www.ubuntu.com}
}

@MISC{w3c,
  title = {The World Wide Web Consortium},
  owner = {sbaush},
  timestamp = {2006.03.18},
  url = {www.w3c.org}
}

@MISC{windows,
  title = {Microsoft Windows Family},
  owner = {sbaush},
  timestamp = {2006.03.22},
  url = {http://www.microsoft.com/windows/}
}

@MISC{wx,
  title = {wxPython - Blending per le librerie wxWidget per il linguaggio Python},
  owner = {sbaush},
  timestamp = {2006.03.22},
  url = {http://www.wxpython.org/}
}

@MISC{wxGlade,
  title = {wxGlade - Gui builder for wxPython},
  owner = {sbaush},
  timestamp = {2006.03.22},
  url = {http://wxglade.sourceforge.net/}
}


@MISC{opencv,
  author = {Intel},
  title = {Sito Ufficiale OpenSource Computer Vision Librarys},
  owner = {sbaush},
  timestamp = {2006.03.22},
  url = {http://www.intel.com/technology/computing/opencv/index.htm}
}

@MISC{opencvwiki,
  author = {},
  title = {Portale di Wiki delle librerie OpenCv},
  owner = {sbaush},
  timestamp = {2006.03.22},
  url = {http://opencvlibrary.sourceforge.net}
}

@MISC{opencvgroups,
  author = {},
  title = {OpenCv gruppi e comunità},
  owner = {sbaush},
  timestamp = {2006.03.22},
  url = {http://tech.groups.yahoo.com/group/OpenCV/}
}

@comment{jabref-meta: selector_author: ;}

